@article{myung2003tutorial,
  title={Tutorial on maximum likelihood estimation},
  author={Myung, In Jae},
  journal={Journal of Mathematical Psychology},
  volume={47},
  number={1},
  pages={90--100},
  year={2003},
  publisher={Elsevier}
}

@article{Chaudhuri:2013id,
	author = {Chaudhuri, Shomesh E and Merfeld, Daniel M},
	title = {{Signal detection theory and vestibular perception: III. Estimating unbiased fit parameters for psychometric functions.}},
	journal = {Experimental Brain Research},
	year = {2013},
	volume = {225},
	number = {1},
	pages = {133--146},
	month = mar
}

@article{ostry2010somatosensory,
  title={Somatosensory plasticity and motor learning},
  author={Ostry, David J and Darainy, Mohammad and Mattar, Andrew AG and Wong, Jeremy and Gribble, Paul L},
  journal={The Journal of Neuroscience},
  volume={30},
  number={15},
  pages={5384--5393},
  year={2010},
  publisher={Soc Neuroscience}
}

@article{wilson2010mapping,
  title={Mapping proprioception across a 2-D horizontal workspace},
  author={Wilson, Elizabeth T and Wong, Jeremy and Gribble, Paul L},
  journal={PLoS One},
  volume={5},
  number={7},
  pages={e11851},
  year={2010},
  publisher={Public Library of Science}
}

@article{wong2011spatially,
  title={Spatially selective enhancement of proprioceptive acuity following motor learning},
  author={Wong, Jeremy D and Wilson, Elizabeth T and Gribble, Paul L},
  journal={Journal of Neurophysiology},
  volume={105},
  number={5},
  pages={2512--2521},
  year={2011},
  publisher={Am Physiological Soc}
}

@article{wong2012can,
  title={Can proprioceptive training improve motor learning?},
  author={Wong, Jeremy D and Kistemaker, Dinant A and Chin, Alvin and Gribble, Paul L},
  journal={Journal of Neurophysiology},
  volume={108},
  number={12},
  pages={3313--3321},
  year={2012},
  publisher={Am Physiological Soc}
}

